@online{brilliant.org-sums-wiki,
	title = {Sum of n, n², or n³},
	url = {https://brilliant.org/wiki/sum-of-n-n2-or-n3/},
	OPTlanguage = {English},
	organization = {Brilliant}
}
@online{wikipedia-bernoulli-numbers,
	title = {Bernoulli number},
	url = {https://en.wikipedia.org/wiki/Bernoulli_number},
	OPTlanguage = {English},
	organization = {Wikipedia}
}
@online{mathologer-power-sums,
	author = {Mathologer},
	title = {Power sum MASTER CLASS: How to sum quadrillions of powers ... by hand! (Euler-Maclaurin formula)},
	date = {2019-10-26},
	url = {https://www.youtube.com/watch?v=fw1kRz83Fj0},
	OPTlanguage = {English}
}
@online{math-stackex-post,
	title = {Is there a name for the polynomials which give pure powers of n when summed to n?},
	date = {2020-12-31},
	url = {https://math.stackexchange.com/questions/4346102/is-there-a-name-for-the-polynomials-which-give-pure-powers-of-n-when-summed-to-n},
	OPTlanguage = {English}
}
@online{wikipedia-finite-difference,
	title = {Finite difference},
	url = {https://en.wikipedia.org/wiki/Finite_difference},
	OPTlanguage = {English},
	organization = {Wikipedia}
}
@online{wikipedia-telescoping-series,
	title = {Telescoping series},
	url = {https://en.wikipedia.org/wiki/Telescoping_series},
	OPTlanguage = {English},
	organization = {Wikipedia}
}
@online{wikipedia-lambda-calculus,
	title = {Lambda calculus},
	url = {https://en.wikipedia.org/wiki/Lambda_calculus},
	OPTlanguage = {English},
	organization = {Wikipedia}
}
