@online{wikipedia-bernoulli-numbers,
	title = {Bernoulli number},
	url = {https://en.wikipedia.org/wiki/Bernoulli_number},
	OPTlanguage = {English}
}
